@InProceedings{paper:cuckoo,
author      = "Pagh, Rasmus, and Rodler, Flemming Friche",
editor      = "auf der Heide, Friedhelm Meyer",
title       = "Cuckoo Hashing",
booktitle   = "Algorithms --- ESA 2001",
year        = "2001",
publisher   = "Springer Berlin Heidelberg",
address     = "Berlin, Heidelberg",
pages       = "121--133",
isbn        = "978-3-540-44676-7"
}
@article{paper:deduphash,
  title={High-speed data deduplication using parallelized cuckoo hashing},
  author={Jeyaraj, Jane Rubel Angelina and Kambaraj, Sundarakantham and Dharmarajan, Velmurugan},
  journal={Turkish Journal of Electrical Engineering \& Computer Sciences},
  volume={26},
  number={3},
  pages={1417--1429},
  year={2018},
  publisher={The Scientific and Technological Research Council of Turkey}
}
@incollection{paper:rtparahashgpu,
  title     = {Real-time parallel hashing on the GPU},
  author    = {Alcantara, Dan A and Sharf, Andrei and Abbasinejad, Fatemeh and Sengupta, Shubhabrata and Mitzenmacher, Michael and Owens, John D and Amenta, Nina},
  booktitle = {ACM SIGGRAPH Asia 2009 papers},
  pages     = {1--9},
  year      = {2009}
}
@article{paper:stashtable,
  title={More robust hashing: Cuckoo hashing with a stash},
  author={Kirsch, Adam and Mitzenmacher, Michael and Wieder, Udi},
  journal={SIAM Journal on Computing},
  volume={39},
  number={4},
  pages={1543--1561},
  year={2010},
  publisher={SIAM}
}
@article{paper:hashfuncperfgpu,
  title     = {Hash Functions for GPU Rendering},
  author    = {Jarzynski, Mark and Olano, Marc},
  journal   = {UMBC Computer Science and Electrical Engineering Department},
  year      = {2020},
  publisher = {Journal of Computer Graphics Techniques (JCGT)}
}

@inproceedings{talk:evalparahash,
  title     = {Evaluation of parallel hashing techniques},
  author    = {Bordawekar, Rajesh},
  booktitle = {GPU Technology Conference},
  year      = {2014}
}

@misc{blog:xxhimpl,
  author    = {Stephan Brumme},
  title     = {xxHash - a hash algorithm as fast as memcpy},
  url       = {https://create.stephan-brumme.com/xxhash/}
}
